<?xml version="1.0" encoding="UTF-8"?><collection xmlns="http://www.loc.gov/MARC21/slim"><record><leader>00578nam--2200145-i-4500</leader><controlfield tag="001">000047578</controlfield><controlfield tag="002">20161230</controlfield><controlfield tag="005">20170116000905</controlfield><controlfield tag="008">060222s1000------------r-----000-0-eng-d</controlfield><datafield ind1=" " ind2=" " tag="080"><subfield code="a">669.4</subfield></datafield><datafield ind1=" " ind2=" " tag="245"><subfield code="a">The working of metals. This book contains the papers and discussions constituting the Symposium on the pPastic Working of Metals before the Eighteenth Annual Convention of the Amer.Soc.for Metals held in Cleveland, October 19 to 23, 1946</subfield></datafield><datafield ind1=" " ind2=" " tag="260"><subfield code="a">Cleveland, Ohio</subfield><subfield code="b">American Society For Metals</subfield><subfield code="c">1937</subfield></datafield><datafield ind1=" " ind2=" " tag="300"><subfield code="a">783-1036 p</subfield></datafield><datafield ind1=" " ind2=" " tag="852"><subfield code="a">5121</subfield></datafield><datafield ind1=" " ind2=" " tag="CAT"><subfield code="a">SYS</subfield><subfield code="c">20170116</subfield><subfield code="h">000905</subfield></datafield></record></collection>